% Encoding: UTF-8

@Book{brookshear1989,
  title         = {Theory of computation: formal languages, automata, and complexity},
  publisher     = {Benjamin-Cummings Publishing Co., Inc.},
  year          = {1989},
  author        = {Brookshear, J Glenn},
  __markedentry = {[Martin:1]},
}

@InProceedings{martins2014,
  author        = {J. Martins and R. Gonçalves and J. Pereira and T. Oliveira and M. P. Cota},
  title         = {Social networks sites adoption at firm level: A literature review},
  booktitle     = {2014 9th Iberian Conference on Information Systems and Technologies (CISTI)},
  year          = {2014},
  pages         = {1-6},
  month         = {June},
  __markedentry = {[Martin:1]},
  doi           = {10.1109/CISTI.2014.6876910},
  issn          = {2166-0727},
  keywords      = {business data processing;social networking (online);SNS adoption;business activities;firm level adoption;knowledge gap;social era;social interaction;social networks sites;technological era;Context;Customer relationship management;Information systems;Media;Social network services;Web 2.0;Literature Review;SNS Adoption;Social Networks Sites;Technology Adoption},
}

@InBook{sowa2006,
  title         = {Semantic Networks},
  publisher     = {John Wiley \& Sons, Ltd},
  year          = {2006},
  author        = {Sowa, John F},
  __markedentry = {[Martin:1]},
  booktitle     = {Encyclopedia of Cognitive Science},
  doi           = {10.1002/0470018860.s00065},
  isbn          = {9780470018866},
  url           = {http://dx.doi.org/10.1002/0470018860.s00065},
}

@InCollection{sowa1992,
  author        = {Sowa, John F.},
  title         = {Conceptual Structures},
  publisher     = {Ellis Horwood},
  year          = {1992},
  editor        = {Nagle, Timothy E. and Nagle, Janice A. and Gerholz, Laurie L. and Eklund, Peter W.},
  chapter       = {Conceptual Graphs Summary},
  pages         = {3--66},
  address       = {Upper Saddle River, NJ, USA},
  __markedentry = {[Martin:1]},
  acmid         = {168864},
  isbn          = {0-13-175878-0},
  numpages      = {49},
  url           = {http://dl.acm.org/citation.cfm?id=168857.168864},
}

@Article{hopcroft2007,
  author        = {Hopcroft, John E and Motwani, Rajeev and Ullman, Jeffrey D},
  title         = {Teoría de autómatas, lenguajes y computación},
  journal       = {Pearson educaci{\'o}n},
  year          = {2007},
  __markedentry = {[Martin:1]},
}

@Book{pavlidis2013,
  title         = {Structural pattern recognition},
  publisher     = {Springer},
  year          = {2013},
  author        = {Pavlidis, Theodosios},
  volume        = {1},
  __markedentry = {[Martin:1]},
}

@InProceedings{olmos2006,
  author        = {Olmos, Ivan and Gonzalez, Jesus A and Osorio, Mauricio},
  title         = {Inexact Graph Matching: A Case of Study.},
  booktitle     = {FLAIRS Conference},
  year          = {2006},
  pages         = {586--591},
  __markedentry = {[Martin:1]},
}

@Book{buckley1990,
  title         = {Distance in graphs},
  publisher     = {Addison-Wesley Longman},
  year          = {1990},
  author        = {Buckley, Fred and Harary, Frank},
  __markedentry = {[Martin:1]},
}

@Book{bondy1976graph,
  title     = {Graph theory with applications},
  publisher = {Citeseer},
  year      = {1976},
  author    = {Bondy, John Adrian and Murty, Uppaluri Siva Ramachandra},
  volume    = {290},
}

@Misc{peirce1909,
  author    = {Hartshorne, W},
  title     = {Burks, editors. Collected Papers of Charles Sanders Peirce, Cambridge, Massachusetts, 1931--1935},
  publisher = {Harvard University Press},
}

@Article{sowa1976conceptual,
  author    = {Sowa, John F},
  title     = {Conceptual graphs for a data base interface},
  journal   = {IBM Journal of Research and Development},
  year      = {1976},
  volume    = {20},
  number    = {4},
  pages     = {336--357},
  publisher = {IBM},
}

@Book{van2008handbook,
  title     = {Handbook of knowledge representation},
  publisher = {Elsevier},
  year      = {2008},
  author    = {Van Harmelen, Frank and Lifschitz, Vladimir and Porter, Bruce},
  volume    = {1},
}

@Book{ppr2016,
  title     = {Material de estudio de la Cátedra Paradigmas de Programación},
  publisher = {Universidad Tecnológica Nacional, Facultad Regional Córdoba},
  year      = {2016},
  author    = {Marcelo Marciszack and Laura Ligorria and Analía Guzmán and Cynthia Corso and Jorge Tymoschuck and Karina Ligorria and Julio Castillo and Nicolás Colacioppo and German Romani},
  editor    = {Ingeniería en Sistemas de Información, Cátedra de Paradigmas de Programación},
}

@Article{perez2009hallazgos,
  author    = {Pérez Sánchez, Beatriz and Salas Madriz, Flora},
  title     = {Hallazgos en investigación sobre el profesorado universitario y la integración de las TIC en la enseñanza},
  journal   = {Revista Electrónica ``Actualidades Investigativas en Educación''},
  year      = {2009},
  volume    = {9},
  number    = {1},
  publisher = {Universidad de Costa Rica},
}

@Article{gros2013mirando,
  author  = {Gros, Begoña and Noguera, Ingrid},
  title   = {Mirando el futuro: evolución de las tendencias tecnopedagógicas en educación superior},
  journal = {Revista Científica de Tecnología Educativa},
  year    = {2013},
  volume  = {2},
  number  = {2},
  pages   = {130--140},
}

@Article{patricia2011propuesta,
  author    = {Patricia, Gloria and Cristina, Sandra and others},
  title     = {Propuesta para la medición del impacto de las TIC en la enseñanza universitaria},
  year      = {2011},
  publisher = {Educación y Educadores},
}

@Article{tabbers2004interface,
  author  = {Tabbers, HK and Kester, Liesbeth and Hummel, HGK and Nadolski, RJ},
  title   = {Interface design for digital courses},
  journal = {Integrated E-learning: Implications for pedagogy, technology and organization},
  year    = {2004},
  pages   = {100--111},
}

@Article{cho2009role,
  author    = {Cho, Vincent and Cheng, TC Edwin and Lai, WM Jennifer},
  title     = {The role of perceived user-interface design in continued usage intention of self-paced e-learning tools},
  journal   = {Computers \& Education},
  year      = {2009},
  volume    = {53},
  number    = {2},
  pages     = {216--227},
  publisher = {Elsevier},
}

@article{rodriguez2005aplicacion,
  title={Aplicación de las TIC a la evaluación de alumnos universitarios},
  author={Rodríguez Conde, M{\textordfeminine}},
  journal={Teoría de la Educación. Educación y Cultura en la Sociedad de la Información},
  volume={6},
  number={2},
  year={2005},
  publisher={Universidad de Salamanca}
}

@inproceedings{paz2014metodologia,
  title={Metodología para determinar la exactitud de una respuesta, escrita en forma textual, a un interrogante sobre un tema específico, aplicando herramientas informáticas},
  author={Paz Menvielle, María Alejandra and Groppo, Mario Alberto and Marciszack, Marcelo Martín and Guzmán, Analía and Ligorria, Karina and Casatti, Martín and Higa Tamashiro, Seiyu Ricardo},
  booktitle={II Congreso Nacional de Ingeniería Informática y Sistemas de Información, CONAIISI, Universidad Nacional de San Luis, Argentina (2014)},
  year={2014}
}

@inproceedings{paz2015deteccion,
  title={Detección de conceptos y relaciones para evaluación de respuestas},
  author={Paz Menvielle, María Alejandra and Groppo, Mario Alberto and Marciszack, Marcelo Martín and Guzmán, Analía and Ligorria, Karina and Casatti, Martín and Higa Tamashiro, Seiyu Ricardo},
  booktitle={III Congreso Nacional de Ingeniería Informática y Sistemas de Información, CONAIISI, UTN, Facultad Regional Buenos Aires, Argentina (2015)},
  year={2015}
}

@inproceedings{paz2016Arquitectura,
  title={Arquitectura y operatoria de un sistema de corrección de exámenes automatizado, utilizando grafos dirigidos},
  author={Paz Menvielle, María Alejandra and Groppo, Mario Alberto and Marciszack, Marcelo Martín and Guzmán, Analía and Ligorria, Karina and Casatti, Martín},
  booktitle={IV Congreso Nacional de Ingeniería Informática y Sistemas de Información, CONAIISI, Universidad Católica de Salta, Facultad de Ingeniería, Argentina (2016)},
  year={2016}
}

@inproceedings{paz2017Teoria,
	title={Teoría y práctica de un sistema de corrección automatizada, utilizando grafos dirigidos como base de conocimiento},
	author={Paz Menvielle, María Alejandra and Groppo, Mario Alberto and Marciszack, Marcelo Martín and Guzmán, Analía and Ligorria, Karina and Casatti, Martín},
	booktitle={V Congreso Nacional de Ingeniería Informática y Sistemas de Información, CONAIISI, Universidad Tecnológica Nacional Facultad Regional Santa Fe, Argentina},
	year={2017}
}


@article{hernandez2007perfeccionando,
  title={Perfeccionando los exámenes escritos: reflexiones y sugerencias metodológicas},
  author={Hernández Nodarse, M},
  journal={Revista Iberoamericana de educación},
  volume={41},
  number={4},
  pages={1--25},
  year={2007}
}

@book{mateo2000evaluacion,
  title={La evaluación educativa, su práctica y otras metáforas},
  author={Mateo, Joan and Andrés, Joan Mateo},
  volume={33},
  year={2000},
  publisher={HORSORI EDITORIAL, SL}
}

@book{ramos1989bases,
  title={Bases pedagógicas de la evaluación: guía práctica para educadores},
  author={Ramos, José Manuel García},
  year={1989}
}

@article{mateo1990toma,
  title={La toma de decisiones en el contexto de la evaluación educativa},
  author={Mateo, J},
  journal={Revista de investigación educativa},
  volume={8},
  number={16},
  pages={95--112},
  year={1990}
}

@article{garcia1989diagnostico,
  title={Diagnóstico, evaluación y toma de decisiones},
  author={García Ramos, JM and Pérez Juste, R},
  journal={Rialp. Madrid},
  year={1989}
}

@book{watanabe1985pattern,
	title={Pattern recognition: human and mechanical},
	author={Watanabe, Satosi},
	year={1985},
	publisher={John Wiley \& Sons, Inc.}
}

@book{scott2011sage,
	title={The SAGE handbook of social network analysis},
	author={Scott, John and Carrington, Peter J},
	year={2011},
	publisher={SAGE publications}
}

@book{peirce1992essential,
	title={The essential Peirce: selected philosophical writings},
	author={Peirce, Charles Sanders},
	volume={2},
	year={1992},
	publisher={Indiana University Press}
}

@inproceedings{pavlic2013graph,
	title={Graph-based formalisms for knowledge representation},
	author={Pavli{\'c}, Mile and Me{\v{s}}trovi{\'c}, Ana and Jakupovi{\'c}, Alen},
	booktitle={Proceedings of the 17th world multi-conference on systemics cybernetics and informatics (WMSCI 2013)},
	volume={2},
	pages={200--204},
	year={2013}
}

@inproceedings{fan2012graph,
	title={Graph pattern matching revised for social network analysis},
	author={Fan, Wenfei},
	booktitle={Proceedings of the 15th International Conference on Database Theory},
	pages={8--21},
	year={2012},
	organization={ACM}
}

@article{van2010graph,
	title={Graph theory and complex networks},
	author={Van Steen, Maarten},
	journal={An introduction},
	volume={144},
	year={2010}
}

@book{batagelj2006data,
	title={Data Science and Classification},
	author={Batagelj V. and Bock H and Ferligoj A.},
	year={2006},
	publisher={Springer}
}

@book{fukunaga2013introduction,
	title={Introduction to statistical pattern recognition},
	author={Fukunaga, Keinosuke},
	year={2013},
	publisher={Elsevier}
}

@book{devijver2012pattern,
	title={Pattern recognition theory and applications},
	author={Devijver, Pierre A and Kittler, Josef},
	volume={30},
	year={2012},
	publisher={Springer Science \& Business Media}
}

@book{meyer2004pattern,
	title={Pattern recognition for medical imaging},
	author={Meyer-Baese, Anke and Meyer-Baese, Anke},
	year={2004},
	publisher={Academic Press}
}

@article{kim2005robust,
	title={Robust anisotropic diffusion to produce enhanced statistical parametric map from noisy fMRI},
	author={Kim, Hae Yong and Giacomantone, Javier and Cho, Zang Hee},
	journal={Computer Vision and Image Understanding},
	volume={99},
	number={3},
	pages={435--452},
	year={2005},
	publisher={Elsevier}
}

@inproceedings{kim2005new,
	title={A new technique to obtain clear statistical parametric map by applying anisotropic diffusion to fMRI},
	author={Kim, Hae Yong and Giacomantone, Javier Oscar},
	booktitle={Image Processing, 2005. ICIP 2005. IEEE International Conference on},
	volume={3},
	pages={III--724},
	year={2005},
	organization={IEEE}
}

@article{alonso2001redes,
	title={Redes neuronales y reconocimiento de patrones},
	author={Alonso Romero, Luis and Calonge Cano, Teodoro},
	year={2001},
	publisher={Imprenta Cardenal (Salamanca, Espa{\~n}a)}
}

@Article{minniti2010vista,
  author    = {Minniti, D and Lucas, PW and Emerson, JP and Saito, RK and Hempel, M and Pietrukowicz, P and Ahumada, AV and Alonso, MV and Alonso-Garcia, J and Arias, Jos{\'e} I and others},
  title     = {VISTA Variables in the Via Lactea (VVV): The public ESO near-IR variability survey of the Milky Way},
  journal   = {New Astronomy},
  year      = {2010},
  volume    = {15},
  number    = {5},
  pages     = {433--443},
  publisher = {Elsevier},
}

@InCollection{borne2008scientific,
  author    = {Borne, Kirk D},
  title     = {Scientific data mining in astronomy},
  booktitle = {Next Generation of Data Mining},
  publisher = {Chapman and Hall/CRC},
  year      = {2008},
  pages     = {114--137},
}

@InCollection{frinchaboy2012sdss,
  author    = {Frinchaboy, Peter M and Zasowski, Gail and Jackson, Kelly and Johnson, Jennifer A and Majewski, Steven R and Shetrone, Matthew and Rocha, Aaron and SDSS-III collaboration and others},
  title     = {SDSS-III/APOGEE: Detailed Abundances of Galactic Star Clusters},
  booktitle = {Star Clusters in the Era of Large Surveys},
  publisher = {Springer},
  year      = {2012},
  pages     = {31--38},
}

@Article{bundy2014overview,
  author    = {Bundy, Kevin and Bershady, Matthew A and Law, David R and Yan, Renbin and Drory, Niv and MacDonald, Nicholas and Wake, David A and Cherinka, Brian and S{\'a}nchez-Gallego, Jos{\'e} R and Weijmans, Anne-Marie and others},
  title     = {Overview of the SDSS-IV MaNGA survey: mapping nearby galaxies at Apache Point observatory},
  journal   = {The Astrophysical Journal},
  year      = {2014},
  volume    = {798},
  number    = {1},
  pages     = {7},
  publisher = {IOP Publishing},
}

@Article{ivezic2007astrometry,
  author    = {Ivezi{\'c}, {\v{Z}} and Monet, DG and Bond, N and Juri{\'c}, M and Sesar, B and Munn, JA and Lupton, RH and Gunn, JE and Knapp, GR and Tyson, AJ and others},
  title     = {Astrometry with digital sky surveys: from SDSS to LSST},
  journal   = {Proceedings of the International Astronomical Union},
  year      = {2007},
  volume    = {3},
  number    = {S248},
  pages     = {537--543},
  publisher = {Cambridge University Press},
}

@Article{gilmore2012gaia,
  author  = {Gilmore, Gerry and Randich, Sofia and Asplund, Martin and Binney, James and Bonifacio, Piercarlo and Drew, Janet and Feltzing, Sophia and Ferguson, Annette and Jeffries, Rob and Micela, G and others},
  title   = {The Gaia-ESO public spectroscopic survey},
  journal = {The Messenger},
  year    = {2012},
  volume  = {147},
  pages   = {25--31},
}

@Article{burges1998tutorial,
  author    = {Burges, Christopher JC},
  title     = {A tutorial on support vector machines for pattern recognition},
  journal   = {Data mining and knowledge discovery},
  year      = {1998},
  volume    = {2},
  number    = {2},
  pages     = {121--167},
  publisher = {Springer},
}

@Article{bunke1983inexact,
  author    = {Bunke, Horst and Allermann, Gudrun},
  title     = {Inexact graph matching for structural pattern recognition},
  journal   = {Pattern Recognition Letters},
  year      = {1983},
  volume    = {1},
  number    = {4},
  pages     = {245--253},
  publisher = {Elsevier},
}

@Book{robinson2015graph,
  title     = {Graph databases: new opportunities for connected data},
  publisher = {" O'Reilly Media, Inc."},
  year      = {2015},
  author    = {Robinson, Ian and Webber, Jim and Eifrem, Emil},
}

@article{coutinho2016network,
	title={The network behind the cosmic web},
	author={Coutinho, BC and Hong, Sungryong and Albrecht, Kim and Dey, Arjun and Barabási, Albert-László and Torrey, Paul and Vogelsberger, Mark and Hernquist, Lars},
	journal={arXiv preprint arXiv:1604.03236},
	year={2016}
}

@article{dalcanton2009acs,
	title={The ACS nearby galaxy survey treasury},
	author={Dalcanton, Julianne J and Williams, Benjamin F and Seth, Anil C and Dolphin, Andrew and Holtzman, Jon and Rosema, Keith and Skillman, Evan D and Cole, Andrew and Girardi, L{\'e}o and Gogarten, Stephanie M and others},
	journal={The Astrophysical Journal Supplement Series},
	volume={183},
	number={1},
	pages={67},
	year={2009},
	publisher={IOP Publishing}
}

@article{borne2009astroinformatics,
	title={Astroinformatics: a 21st century approach to astronomy},
	author={Borne, Kirk D},
	journal={arXiv preprint arXiv:0909.3892},
	year={2009}
}

@article{ball2010data,
	title={Data mining and machine learning in astronomy},
	author={Ball, Nicholas M and Brunner, Robert J},
	journal={International Journal of Modern Physics D},
	volume={19},
	number={07},
	pages={1049--1106},
	year={2010},
	publisher={World Scientific}
}

@article{schmeja2011identifying,
	title={Identifying star clusters in a field: A comparison of different algorithms},
	author={Schmeja, S},
	journal={Astronomische Nachrichten},
	volume={332},
	number={2},
	pages={172--184},
	year={2011},
	publisher={Wiley Online Library}
}

@article{baume2008basic,
	title={Basic parameters of three star clusters in the Small Magellanic Cloud: Kron 11, Kron 63 and NGC 121},
	author={Baume, Gustavo and Noel, Noelia ED and Costa, Edgardo and Carraro, Giovanni and M{\'e}ndez, RA and Pedreros, MH},
	journal={Monthly Notices of the Royal Astronomical Society},
	volume={390},
	number={4},
	pages={1683--1690},
	year={2008},
	publisher={Blackwell Publishing Ltd Oxford, UK}
}

@article{hanisch2001definition,
	title={Definition of the flexible image transport system (FITS)},
	author={Hanisch, Robert J and Farris, Allen and Greisen, Eric W and Pence, William D and Schlesinger, Barry M and Teuben, Peter J and Thompson, Randall W and Warnock, A},
	journal={Astronomy \& Astrophysics},
	volume={376},
	number={1},
	pages={359--380},
	year={2001},
	publisher={EDP Sciences}
}

@article{robitaille2013astropy,
	title={Astropy: A community Python package for astronomy},
	author={Robitaille, Thomas P and Tollerud, Erik J and Greenfield, Perry and Droettboom, Michael and Bray, Erik and Aldcroft, Tom and Davis, Matt and Ginsburg, Adam and Price-Whelan, Adrian M and Kerzendorf, Wolfgang E and others},
	journal={Astronomy \& Astrophysics},
	volume={558},
	pages={A33},
	year={2013},
	publisher={EDP Sciences}
}

@article{kleinberg2000navigation,
	title={Navigation in a small world},
	author={Kleinberg, Jon M},
	journal={Nature},
	volume={406},
	number={6798},
	pages={845},
	year={2000},
	publisher={Nature Publishing Group}
}

@book{carrington2005models,
	title={Models and methods in social network analysis},
	author={Carrington, Peter J and Scott, John and Wasserman, Stanley},
	volume={28},
	year={2005},
	publisher={Cambridge university press}
}

@article{schmeja2011identifying,
	title={Identifying star clusters in a field: A comparison of different algorithms},
	author={Schmeja, S},
	journal={Astronomische Nachrichten},
	volume={332},
	number={2},
	pages={172--184},
	year={2011},
	publisher={Wiley Online Library}
}

@article{dalcanton2009acs,
	title={The ACS nearby galaxy survey treasury},
	author={Dalcanton, Julianne J and Williams, Benjamin F and Seth, Anil C and Dolphin, Andrew and Holtzman, Jon and Rosema, Keith and Skillman, Evan D and Cole, Andrew and Girardi, L{\'e}o and Gogarten, Stephanie M and others},
	journal={The Astrophysical Journal Supplement Series},
	volume={183},
	number={1},
	pages={67},
	year={2009},
	publisher={IOP Publishing}
}

@Article{Sowa1976,
	author       = {Sowa, John F.},
	title        = {Conceptual Graphs for a Data Base Interface},
	journaltitle = {{IBM} J. Res. Dev.},
	date         = {1976-07},
	volume       = {20},
	number       = {4},
	pages        = {336--357},
	issn         = {0018-8646},
	doi          = {10.1147/rd.204.0336},
	urldate      = {2016-11-27},
	abstract     = {A data base system that supports natural language queries is not really natural if it requires the user to know how the data are represented. This paper defines a formalism, called conceptual graphs, that can describe data according to the user's view and access data according to the system's view. In addition, the graphs can represent functional dependencies in the data base and support inferences and computations that are not explicit in the initial query.},
}

@Online{markorodriguez2011,
	author     = {Marko A. Rodriguez},
	title      = {Knowledge Representation and Reasoning with Graph Databases},
	date       = {2011-02-23},
	url        = {https://markorodriguez.com/2011/02/23/knowledge-representation-and-reasoning-with-graph-databases/},
	titleaddon = {Marko A. Rodriguez},
	urldate    = {2016-11-27},
	abstract   = {A graph database and its ecosystem of technologies can yield elegant, efficient solutions to problems in knowledge representation and reasoning. To get a taste of this argument, we must first under…},
	file       = {Snapshot:C\:\\Users\\Martin\\AppData\\Roaming\\Zotero\\Zotero\\Profiles\\yfwmxgwt.default\\zotero\\storage\\NW2HKUW8\\markorodriguez2011 - Knowledge Representation and Reasoning with Graph Databases.html:text/html},
}

@Book{Sowa1983,
	author        = {Sowa, John F.},
	title         = {Conceptual structures: Information processing in mind and machine},
	date          = {1983},
	url           = {http://www.osti.gov/scitech/biblio/5673179},
	urldate       = {2016-11-27},
	__markedentry = {[Martin:]},
	shorttitle    = {Conceptual structures: Information processing in mind and machine},
}

@Book{Robinson2015,
	author        = {Robinson, Ian and Webber, Jim and Eifrem, Emil},
	title         = {Graph Databases: New Opportunities for Connected Data},
	date          = {2015-06-10},
	note          = {Google-Books-{ID}: {RTvcCQAAQBAJ}},
	publisher     = {"O'Reilly Media, Inc."},
	isbn          = {978-1-4919-3086-1},
	pagetotal     = {238},
	__markedentry = {[Martin:6]},
	abstract      = {Discover how graph databases can help you manage and query highly connected data. With this practical book, you’ll learn how to design and implement a graph database that brings the power of graphs to bear on a broad range of problem domains. Whether you want to speed up your response to user queries or build a database that can adapt as your business evolves, this book shows you how to apply the schema-free graph model to real-world problems.This second edition includes new code samples and diagrams, using the latest Neo4j syntax, as well as information on new functionality. Learn how different organizations are using graph databases to outperform their competitors. With this book’s data modeling, query, and code examples, you’ll quickly be able to implement your own solution.Model data with the Cypher query language and property graph {modelLearn} best practices and common pitfalls when modeling with {graphsPlan} and implement a graph database solution in test-driven {fashionExplore} real-world examples to learn how and why organizations use a graph {databaseUnderstand} common patterns and components of graph database {architectureUse} analytical techniques and algorithms to mine graph database information},
	keywords      = {Computers / Databases / Data Mining, Computers / Databases / Data Warehousing, Computers / Data Modeling \& Design, Computers / Data Processing, Computers / Data Visualization},
	langid        = {english},
	shorttitle    = {Graph Databases},
}

@Book{findler2014associative,
	author    = {Findler, Nicholas V},
	title     = {Associative networks: Representation and use of knowledge by computers},
	year      = {2014},
	publisher = {Academic Press},
}

@Book{van2008handbook,
	author    = {Van Harmelen, Frank and Lifschitz, Vladimir and Porter, Bruce},
	title     = {Handbook of knowledge representation},
	year      = {2008},
	volume    = {1},
	publisher = {Elsevier},
}

@Article{van2010introduction,
	author  = {van Steen, Maarten},
	title   = {An Introduction to Graph Theory and Complex Networks},
	year    = {2010},
}

@Article{joyner2013algorithmic,
	author  = {Joyner, David and Van Nguyen, Minh and Phillips, David},
	title   = {Algorithmic Graph Theory and Sage},
	year    = {2013},
}

@book{bondy1976graph,
	title={Graph theory with applications},
	author={Bondy, John Adrian and Murty, Uppaluri Siva Ramachandra},
	volume={290},
	year={1976},
	publisher={Citeseer}
}

@book{bang2008digraphs,
	title={Digraphs: theory, algorithms and applications},
	author={Bang-Jensen, J{\o}rgen and Gutin, Gregory Z},
	year={2008},
	publisher={Springer Science \& Business Media}
}

@InProceedings{shimpi2012overview,
	author    = {Shimpi, Darshana and Chaudhari, Sangita},
	title     = {An overview of Graph Databases},
	booktitle = {International Conference in Recent Trends in Information Technology and Computer Science (ICRTITCS-2012) Proceedings published in International Journal of Computer Applications{\textregistered}(IJCA)(0975--8887)},
	year      = {2012},
	pages     = {16--22},
}

@inproceedings{Vicknair_2010,
	doi = {10.1145/1900008.1900067},
	url = {http://dx.doi.org/10.1145/1900008.1900067},
	year = 2010,
	publisher = {Association for Computing Machinery ({ACM})},
	author = {Chad Vicknair and Michael Macias and Zhendong Zhao and Xiaofei Nan and Yixin Chen and Dawn Wilkins},
	title = {A comparison of a graph database and a relational database},
	booktitle = {Proceedings of the 48th Annual Southeast Regional Conference on - {ACM} {SE} {\textquotesingle}10}
}

@book{dunham2006data,
	title={Data mining: Introductory and advanced topics},
	author={Dunham, Margaret H},
	year={2006},
	publisher={Pearson Education India}
}

@article{witten2002data,
	title={Data mining: practical machine learning tools and techniques with Java implementations},
	author={Witten, Ian H and Frank, Eibe},
	journal={Acm Sigmod Record},
	volume={31},
	number={1},
	pages={76--77},
	year={2002},
	publisher={ACM New York, NY, USA}
}

@article{baume2021aprendizaje,
	title={Aprendizaje autom{\'a}tico para identificar poblaciones estelares en galaxias cercanas},
	author={Baume, G and Rodriguez, MJ and Feinstein, C and Gularte, E},
	journal={Boletin de la Asociacion Argentina de Astronomia La Plata Argentina},
	volume={62},
	pages={116--118},
	year={2021}
}

@Comment{jabref-meta: databaseType:bibtex;}
