@Article{Schmeja2011,
  author    = {Schmeja, S},
  journal   = {Astronomische Nachrichten},
  title     = {Identifying star clusters in a field: A comparison of different algorithms},
  year      = {2011},
  number    = {2},
  pages     = {172--184},
  volume    = {332},
  publisher = {Wiley Online Library},
}

@Article{Klessen2000,
  author    = {Klessen, Ralf S and Burkert, Andreas},
  journal   = {The Astrophysical Journal Supplement Series},
  title     = {The Formation of Stellar Clusters: Gaussian Cloud Conditions. I.},
  year      = {2000},
  number    = {1},
  pages     = {287},
  volume    = {128},
  publisher = {IOP Publishing},
}

@Article{Sung1998,
  author    = {Sung, Hwankyung and Bessell, Michael S and Lee, See-Woo},
  journal   = {The Astronomical Journal},
  title     = {UBVRI and H$\alpha$ Photometry of the Young Open Cluster NGC 6231},
  year      = {1998},
  number    = {2},
  pages     = {734},
  volume    = {115},
  publisher = {IOP Publishing},
}

@Article{Fall2012,
  author    = {Fall, S Michael and Chandar, Rupali},
  journal   = {The Astrophysical Journal},
  title     = {Similarities in populations of star clusters},
  year      = {2012},
  number    = {2},
  pages     = {96},
  volume    = {752},
  publisher = {IOP Publishing},
}

@Article{Dalcanton2009,
  author    = {Dalcanton, Julianne J and Williams, Benjamin F and Seth, Anil C and Dolphin, Andrew and Holtzman, Jon and Rosema, Keith and Skillman, Evan D and Cole, Andrew and Girardi, L{\'e}o and Gogarten, Stephanie M and others},
  journal   = {The Astrophysical Journal Supplement Series},
  title     = {The ACS nearby galaxy survey treasury},
  year      = {2009},
  number    = {1},
  pages     = {67},
  volume    = {183},
  publisher = {IOP Publishing},
}

@Article{Vazquez2008,
  author    = {V{\'a}zquez, Ruben A and May, Jorge and Carraro, Giovanni and Bronfman, Leonardo and Moitinho, Andr{\'e} and Baume, Gustavo},
  journal   = {The Astrophysical Journal},
  title     = {Spiral structure in the outer galactic disk. I. The third galactic quadrant},
  year      = {2008},
  number    = {2},
  pages     = {930},
  volume    = {672},
  publisher = {IOP Publishing},
}

@Book{West2001,
  author    = {West, Douglas Brent and others},
  publisher = {Prentice hall Upper Saddle River},
  title     = {Introduction to graph theory},
  year      = {2001},
  volume    = {2},
}

@Article{Barnes1983,
  author    = {Barnes, John A and Harary, Frank},
  journal   = {Social networks},
  title     = {Graph theory in network analysis},
  year      = {1983},
  number    = {2},
  pages     = {235--244},
  volume    = {5},
  publisher = {Elsevier},
}

@Article{Alharbi2021,
  author    = {Alharbi, Afnan and Alsubhi, Khalid},
  journal   = {IEEE Access},
  title     = {Botnet detection approach using graph-based machine learning},
  year      = {2021},
  pages     = {99166--99180},
  volume    = {9},
  publisher = {IEEE},
}

@InProceedings{Menvielle2016,
  author       = {Menvielle, María Alejandra Paz and Groppo, Mario A and Marciszack, Marcelo M and Casatti, Mart{\'\i}n},
  booktitle    = {2016 11th Iberian Conference on Information Systems and Technologies (CISTI)},
  title        = {Text format written questions evaluation Methodology},
  year         = {2016},
  organization = {IEEE},
  pages        = {1--4},
}

@InProceedings{PazMenvielle2017,
  author    = {Paz Menvielle, María Alejandra and Groppo, Mario Alberto and Marciszack, Marcelo Mart{\'\i}n and Guzm{\'a}n, Anal{\'\i}a and Ligorria, Karina and Casatti, Mart{\'\i}n},
  booktitle = {XXIII Congreso Argentino de Ciencias de la Computaci{\'o}n (La Plata, 2017).},
  title     = {Caso de aplicaci{\'o}n de representaci{\'o}n del conocimiento utilizando grafos conceptuales en un sistema de correcci{\'o}n automatizado de ex{\'a}menes},
  year      = {2017},
}

@InProceedings{Menvielle2017,
  author       = {Menvielle, María Alejandra Paz and Groppo, Mario Alberto and Marciszack, Marcelo Mart{\'\i}n and Guzm{\'a}n, Anal{\'\i}a and Ligorria, Karina and Casatti, Mart{\'\i}n},
  booktitle    = {2017 XLIII Latin American Computer Conference (CLEI)},
  title        = {Model and evaluation tool using graphs as knowledge base for the automated correction of exams in text format},
  year         = {2017},
  organization = {IEEE},
  pages        = {1--10},
}

@InProceedings{PazMenvielle2018,
  author    = {Paz Menvielle, María Alejandra and Corso, Cynthia Lorena and Ligorria, Karina and Guzm{\'a}n, Anal{\'\i}a and Casatti, Mart{\'\i}n},
  booktitle = {XX Workshop de Investigadores en Ciencias de la Computaci{\'o}n (WICC 2018, Universidad Nacional del Nordeste).},
  title     = {An{\'a}lisis y detecci{\'o}n de patrones en un grafo conceptual construido a partir de respuestas escritas en forma textual a preguntas sobre un tema específico},
  year      = {2018},
}

@InProceedings{Munoz2020,
  author    = {Mu{\~n}oz, Roberto M and Guzm{\'a}n, Anal{\'\i}a and Casatti, Mart{\'\i}n M and Maldonado, Calixto and Cuevas, Juan Carlos and Damiano, Luis Esteban},
  booktitle = {XXII Workshop de Investigadores en Ciencias de la Computaci{\'o}n (WICC 2020, El Calafate, Santa Cruz).},
  title     = {An{\'a}lisis cienciom{\'e}trico de la producci{\'o}n en investigaci{\'o}n científica y tecnol{\'o}gica},
  year      = {2020},
}

@inproceedings{wang2015review,
  title={Review on community detection algorithms in social networks},
  author={Wang, Cuijuan and Tang, Wenzhong and Sun, Bo and Fang, Jing and Wang, Yanyang},
  booktitle={2015 IEEE international conference on progress in informatics and computing (PIC)},
  pages={551--555},
  year={2015},
  organization={IEEE}
}

@article{kaur2016survey,
  title={A survey of data mining and social network analysis based anomaly detection techniques},
  author={Kaur, Ravneet and Singh, Sarbjeet},
  journal={Egyptian informatics journal},
  volume={17},
  number={2},
  pages={199--216},
  year={2016},
  publisher={Elsevier}
}

@article{boccaletti2007detecting,
  title={Detecting complex network modularity by dynamical clustering},
  author={Boccaletti, S and Ivanchenko, M and Latora, V and Pluchino, A and Rapisarda, A},
  journal={Physical Review E},
  volume={75},
  number={4},
  pages={045102},
  year={2007},
  publisher={APS}
}

@article{kushwah2016review,
  title={A review on link prediction in social network},
  author={Kushwah, Ajay Kumar Singh and Manjhvar, Amit Kumar},
  journal={International Journal of Grid and Distributed Computing},
  volume={9},
  number={2},
  pages={43--50},
  year={2016}
}

@article{PhysRevE.80.056117,
  title = {Community detection algorithms: A comparative analysis},
  author = {Lancichinetti, Andrea and Fortunato, Santo},
  journal = {Phys. Rev. E},
  volume = {80},
  issue = {5},
  pages = {056117},
  numpages = {11},
  year = {2009},
  month = {Nov},
  publisher = {American Physical Society},
  doi = {10.1103/PhysRevE.80.056117},
  url = {https://link.aps.org/doi/10.1103/PhysRevE.80.056117}
}

@Comment{jabref-meta: databaseType:bibtex;}

@InBook{sowa2006,
  title         = {Semantic Networks},
  publisher     = {John Wiley \& Sons, Ltd},
  year          = {2006},
  author        = {Sowa, John F},
  __markedentry = {[Martin:1]},
  booktitle     = {Encyclopedia of Cognitive Science},
  doi           = {10.1002/0470018860.s00065},
  isbn          = {9780470018866},
  url           = {http://dx.doi.org/10.1002/0470018860.s00065},
}

@InCollection{sowa1992,
  author        = {Sowa, John F.},
  title         = {Conceptual Structures},
  publisher     = {Ellis Horwood},
  year          = {1992},
  editor        = {Nagle, Timothy E. and Nagle, Janice A. and Gerholz, Laurie L. and Eklund, Peter W.},
  chapter       = {Conceptual Graphs Summary},
  pages         = {3--66},
  address       = {Upper Saddle River, NJ, USA},
  __markedentry = {[Martin:1]},
  acmid         = {168864},
  isbn          = {0-13-175878-0},
  numpages      = {49},
  url           = {http://dl.acm.org/citation.cfm?id=168857.168864},
}

@article{rodriguez2019clustering,
  title={Clustering algorithms: A comparative approach},
  author={Rodriguez, Mayra Z and Comin, Cesar H and Casanova, Dalcimar and Bruno, Odemir M and Amancio, Diego R and Costa, Luciano da F and Rodrigues, Francisco A},
  journal={PloS one},
  volume={14},
  number={1},
  pages={e0210236},
  year={2019},
  publisher={Public Library of Science San Francisco, CA USA}
}

@article{Telescope2021Jul,
	author = {Telescope, Large Synoptic Survey},
	title = {{Key Numbers}},
	journal = {Rubin Observatory},
	year = {2021},
	month = jul,
	url = {https://www.lsst.org/scientists/keynumbers},
	abstract = {{Rubin Observatory System {\&} LSST Survey Key NumbersThis page lists Key Numbers that describe the Rubin Observatory system and LSST survey.More details are available in the LSST Knowledge Base Confluence page (rendered here), the LSST Overview Paper and Science Requirements Document.}}
}

@online{webdata,
	title = {{All Quick Facts}},
	journal = {WebbTelescope},
	year = {2023},
	month = feb,
	note = {[Online; accessed 4. Feb. 2023]},
	url = {https://webbtelescope.org/quick-facts/all-quick-facts},
	abstract = {{Quick Facts provides answers to frequently asked questions (FAQs) about the James Webb Space Telescope (JWST), the science, and the mission and launch of the observatory.}}
}