@misc{A01,
 author = {Author, A.},
 year = {2001},
 title = {Alpha},
}
@misc{B02,
 author = {Buthor, B.},
 year = {2002},
 title = {Bravo},
}
%\begin{thebibliography}{}
% \bibitem{orientdb}
%  OrientDB,
%  \url{http://orientdb.com/}
%\end{thebibliography}
